\begin{thebibliography}{}
@article{eia-0485,
   title = {An Analysis of Nuclear Power Plant Costs},
   publisher = "US Department of Energy, Energy Information Administration",
   year = 1985}
\end{thebibliography}
